@article{bayer2018deep,
  title={Deep calibration of rough stochastic volatility models},
  author={Bayer, Christian and Stemper, Benjamin},
  journal={arXiv preprint arXiv:1810.03399},
  year={2018}
}

@article{bayer2019deep,
  title={On deep calibration of (rough) stochastic volatility models},
  author={Bayer, Christian and Horvath, Blanka and Muguruza, Aitor and Stemper, Benjamin and Tomas, Mehdi},
  journal={arXiv preprint arXiv:1908.08806},
  year={2019}
}

@article{stone2020calibrating,
  title={Calibrating rough volatility models: a convolutional neural network approach},
  author={Stone, Henry},
  journal={Quantitative Finance},
  volume={20},
  number={3},
  pages={379--392},
  year={2020},
  publisher={Taylor \& Francis}
}

@article{heston1993closed,
  title={A closed-form solution for options with stochastic volatility with applications to bond and currency options},
  author={Heston, Steven L},
  journal={The Review of Financial Studies},
  volume={6},
  number={2},
  pages={327--343},
  year={1993},
  publisher={Oxford University Press}
}

@article{black1973pricing,
  title={The pricing of options and corporate liabilities},
  author={Black, Fischer and Scholes, Myron},
  journal={Journal of Political Economy},
  volume={81},
  number={3},
  pages={637--654},
  year={1973},
  publisher={University of Chicago Press}
}

@article{gatheral2018volatility,
  title={Volatility is rough},
  author={Gatheral, Jim and Jaisson, Thibault and Rosenbaum, Mathieu},
  journal={Quantitative Finance},
  volume={18},
  number={6},
  pages={933--949},
  year={2018},
  publisher={Taylor \& Francis}
}

@article{bayer2016pricing,
  title={Pricing under rough volatility},
  author={Bayer, Christian and Friz, Peter and Gatheral, Jim},
  journal={Quantitative Finance},
  volume={16},
  number={6},
  pages={887--904},
  year={2016},
  publisher={Taylor \& Francis}
}

@article{hernandez2017model,
  title={Model calibration with neural networks},
  author={Hernandez, Andres},
  journal={Risk},
  volume={30},
  number={4},
  pages={58--64},
  year={2017}
}

@article{huge2020differential,
  title={Differential machine learning},
  author={Huge, Benedict and Savine, Antoine},
  journal={Risk},
  volume={33},
  number={1},
  pages={79--84},
  year={2020}
}

@article{hutchinson1994nonparametric,
  title={A nonparametric approach to pricing and hedging derivative securities via learning networks},
  author={Hutchinson, James M and Lo, Andrew W and Poggio, Tomaso},
  journal={The Journal of Finance},
  volume={49},
  number={3},
  pages={851--889},
  year={1994},
  publisher={Wiley Online Library}
}

@article{sirignano2018dgm,
  title={DGM: A deep learning algorithm for solving partial differential equations},
  author={Sirignano, Justin and Spiliopoulos, Konstantinos},
  journal={Journal of Computational Physics},
  volume={375},
  pages={1339--1364},
  year={2018},
  publisher={Elsevier}
}

@article{beck2017deep,
  title={Deep splitting method for parabolic PDEs},
  author={Beck, Christian and Becker, Sebastian and Grohs, Philipp and Jaafari, Nor and Jentzen, Arnulf},
  journal={arXiv preprint arXiv:1907.03452},
  year={2017}
}

@article{cont2001empirical,
  title={Empirical properties of asset returns: stylized facts and statistical issues},
  author={Cont, Rama},
  journal={Quantitative Finance},
  volume={1},
  number={2},
  pages={223--236},
  year={2001},
  publisher={Taylor \& Francis}
}

@article{cui2017full,
  title={Full and fast calibration of the Heston stochastic volatility model},
  author={Cui, Yiran and del Ba{\~n}o Rollin, Sebastian and Germano, Guido},
  journal={European Journal of Operational Research},
  volume={263},
  number={2},
  pages={625--638},
  year={2017},
  publisher={Elsevier}
}

@article{lord2010comparison,
  title={A comparison of biased simulation schemes for stochastic volatility models},
  author={Lord, Roger and Koekkoek, Remmert and Van Dijk, Dick},
  journal={Quantitative Finance},
  volume={10},
  number={2},
  pages={177--194},
  year={2010},
  publisher={Taylor \& Francis}
}

@article{mikhailov2003heston,
  title={Heston's stochastic volatility model implementation, calibration and some extensions},
  author={Mikhailov, Sergei and N{\"o}gel, Ulrich},
  journal={Wilmott Magazine},
  volume={2003},
  number={7},
  pages={74--79},
  year={2003}
}

@article{mccrickerd2018turbocharging,
  title={Turbocharging Monte Carlo pricing for the rough Bergomi model},
  author={McCrickerd, Ryan and Pakkanen, Mikko S},
  journal={Quantitative Finance},
  volume={18},
  number={11},
  pages={1877--1886},
  year={2018},
  publisher={Taylor \& Francis}
}

@article{carr1999option,
  title={Option valuation using the fast Fourier transform},
  author={Carr, Peter and Madan, Dilip},
  journal={Journal of Computational Finance},
  volume={2},
  number={4},
  pages={61--73},
  year={1999}
}

@article{cuchiero2020generative,
  title={A generative adversarial network approach to calibration of local stochastic volatility models},
  author={Cuchiero, Christa and Khosrawi, Wahid and Teichmann, Josef},
  journal={Risks},
  volume={8},
  number={4},
  pages={101},
  year={2020},
  publisher={MDPI}
}

@article{raissi2019physics,
  title={Physics-informed neural networks: A deep learning framework for solving forward and inverse problems involving nonlinear partial differential equations},
  author={Raissi, Maziar and Perdikaris, Paris and Karniadakis, George E},
  journal={Journal of Computational Physics},
  volume={378},
  pages={686--707},
  year={2019},
  publisher={Elsevier}
}

@article{horvath2021deep,
  title={Deep learning volatility: a deep neural network perspective on pricing and calibration in (rough) volatility models},
  author={Horvath, Blanka and Muguruza, Aitor and Tomas, Mehdi},
  journal={Quantitative Finance},
  volume={21},
  number={1},
  pages={11--27},
  year={2021},
  publisher={Taylor \& Francis}
}

@article{ruf2020neural,
  title={Neural networks for option pricing and hedging: a literature review},
  author={Ruf, Johannes and Wang, Weiguan},
  journal={Journal of Computational Finance},
  volume={24},
  number={1},
  pages={1--46},
  year={2020}
}

@book{molnar2020interpretable,
  title={Interpretable machine learning},
  author={Molnar, Christoph},
  year={2020},
  publisher={Lulu.com}
}

@article{cont2020robustness,
  title={Robustness of model risk measures},
  author={Cont, Rama and Deguest, Romain and Scandolo, Giacomo},
  journal={Finance and Stochastics},
  volume={24},
  number={2},
  pages={285--340},
  year={2020},
  publisher={Springer}
}

@inproceedings{krizhevsky2012imagenet,
  title={ImageNet classification with deep convolutional neural networks},
  author={Krizhevsky, Alex and Sutskever, Ilya and Hinton, Geoffrey E},
  booktitle={Advances in Neural Information Processing Systems},
  pages={1097--1105},
  year={2012}
}

@article{simonyan2014very,
  title={Very deep convolutional networks for large-scale image recognition},
  author={Simonyan, Karen and Zisserman, Andrew},
  journal={arXiv preprint arXiv:1409.1556},
  year={2014}
}

@inproceedings{szegedy2015going,
  title={Going deeper with convolutions},
  author={Szegedy, Christian and Liu, Wei and Jia, Yangqing and Sermanet, Pierre and Reed, Scott and Anguelov, Dragomir and Erhan, Dumitru and Vanhoucke, Vincent and Rabinovich, Andrew},
  booktitle={Proceedings of the IEEE Conference on Computer Vision and Pattern Recognition},
  pages={1--9},
  year={2015}
}

@article{silver2017mastering,
  title={Mastering the game of Go without human knowledge},
  author={Silver, David and Schrittwieser, Julian and Simonyan, Karen and Antonoglou, Ioannis and Huang, Aja and Guez, Arthur and Hubert, Thomas and Baker, Lucas and Lai, Matthew and Bolton, Adrian and others},
  journal={Nature},
  volume={550},
  number={7676},
  pages={354--359},
  year={2017},
  publisher={Nature Publishing Group}
}

@article{fukasawa2011asymptotic,
  title={Asymptotic analysis for stochastic volatility: martingale expansion},
  author={Fukasawa, Masaaki},
  journal={Finance and Stochastics},
  volume={15},
  number={4},
  pages={635--654},
  year={2011},
  publisher={Springer}
}

@article{fukasawa2017short,
  title={Short-time at-the-money skew and rough fractional volatility},
  author={Fukasawa, Masaaki},
  journal={Quantitative Finance},
  volume={17},
  number={2},
  pages={189--198},
  year={2017},
  publisher={Taylor \& Francis}
}

@article{alos2007short,
  title={On the short-time behavior of the implied volatility for jump-diffusion models with stochastic volatility},
  author={Al{\`o}s, Elisa and Le{\'o}n, Jorge A and Vives, Josep},
  journal={Finance and Stochastics},
  volume={11},
  number={4},
  pages={571--589},
  year={2007},
  publisher={Springer}
}

@article{bennedsen2017hybrid,
  title={Hybrid scheme for Brownian semistationary processes},
  author={Bennedsen, Mikkel and Lunde, Asger and Pakkanen, Mikko S},
  journal={Finance and Stochastics},
  volume={21},
  number={4},
  pages={931--965},
  year={2017},
  publisher={Springer}
}

@article{horvath2017pathwise,
  title={Pathwise large deviations for the rough Bergomi model},
  author={Horvath, Blanka and Jacquier, Antoine and Muguruza, Aitor},
  journal={Journal of Functional Analysis},
  volume={278},
  number={6},
  pages={108418},
  year={2020},
  publisher={Elsevier}
}

@book{hagan2002managing,
  title={Managing smile risk},
  author={Hagan, Patrick S and Kumar, Deep and Lesniewski, Andrew S and Woodward, Diana E},
  journal={Wilmott Magazine},
  volume={2002},
  number={9},
  pages={84--108},
  year={2002}
}

@article{hull1990pricing,
  title={Pricing interest-rate-derivative securities},
  author={Hull, John and White, Alan},
  journal={The Review of Financial Studies},
  volume={3},
  number={4},
  pages={573--592},
  year={1990},
  publisher={Oxford University Press}
}

@article{diebold1995comparing,
  title={Comparing predictive accuracy},
  author={Diebold, Francis X and Mariano, Roberto S},
  journal={Journal of Business \& Economic Statistics},
  volume={13},
  number={3},
  pages={253--263},
  year={1995},
  publisher={Taylor \& Francis}
}

@article{kingma2014adam,
  title={Adam: A method for stochastic optimization},
  author={Kingma, Diederik P and Ba, Jimmy},
  journal={arXiv preprint arXiv:1412.6980},
  year={2014}
}

@article{srivastava2014dropout,
  title={Dropout: a simple way to prevent neural networks from overfitting},
  author={Srivastava, Nitish and Hinton, Geoffrey and Krizhevsky, Alex and Sutskever, Ilya and Salakhutdinov, Ruslan},
  journal={The Journal of Machine Learning Research},
  volume={15},
  number={1},
  pages={1929--1958},
  year={2014},
  publisher={JMLR. org}
}

@inproceedings{ioffe2015batch,
  title={Batch normalization: Accelerating deep network training by reducing internal covariate shift},
  author={Ioffe, Sergey and Szegedy, Christian},
  booktitle={International Conference on Machine Learning},
  pages={448--456},
  year={2015},
  organization={PMLR}
}

@article{buehler2019deep,
  title={Deep hedging},
  author={Buehler, Hans and Gonon, Lukas and Teichmann, Josef and Wood, Ben},
  journal={Quantitative Finance},
  volume={19},
  number={8},
  pages={1271--1291},
  year={2019},
  publisher={Taylor \& Francis}
}

@article{jacquier2019pathwise,
  title={Pathwise large deviations for the rough Bergomi model: Corrigendum},
  author={Jacquier, Antoine and Pannier, Alexandre},
  journal={Journal of Functional Analysis},
  volume={279},
  number={4},
  pages={108567},
  year={2020},
  publisher={Elsevier}
}

@article{benth2021accuracy,
  title={Accuracy of deep learning in calibrating HJM forward curves},
  author={Benth, Fred Espen and Detering, Nils and Lavagnini, Silvia},
  journal={Digital Finance},
  volume={3},
  number={3},
  pages={209--248},
  year={2021},
  publisher={Springer}
}

@article{liu2019neural,
  title={A neural network-based framework for financial model calibration},
  author={Liu, Shuaiqiang and Oosterlee, Cornelis W and Bohte, Sander M},
  journal={Journal of Mathematics in Industry},
  volume={9},
  number={1},
  pages={1--28},
  year={2019},
  publisher={SpringerOpen}
}

@article{goodfellow2014generative,
  title={Generative adversarial nets},
  author={Goodfellow, Ian and Pouget-Abadie, Jean and Mirza, Mehdi and Xu, Bing and Warde-Farley, David and Ozair, Sherjil and Courville, Aaron and Bengio, Yoshua},
  booktitle={Advances in Neural Information Processing Systems},
  pages={2672--2680},
  year={2014}
}

@article{rezende2014stochastic,
  title={Stochastic backpropagation and approximate inference in deep generative models},
  author={Rezende, Danilo Jimenez and Mohamed, Shakir and Wierstra, Daan},
  booktitle={International Conference on Machine Learning},
  pages={1278--1286},
  year={2014}
}

@article{rosenbaum2022deep,
  title={Deep calibration of the quadratic rough Heston model},
  author={Rosenbaum, Mathieu and Zhang, Jianfei},
  journal={arXiv preprint arXiv:2107.01611},
  year={2022}
}

@misc{sridi2023applying,
  title={Applying Deep Learning to Calibrate Stochastic Volatility Models},
  author={Sridi, Abir and Bilokon, Paul},
  year={2023},
  note={Available at SSRN: https://ssrn.com/abstract=4572108}
}

@article{dimitroff2018volatility,
  title={Volatility Model Calibration With Convolutional Neural Networks},
  author={Dimitroff, Georgi and R{\"o}der, Dirk and Fries, Christian P},
  journal={Econometrics: Econometric \& Statistical Methods-Special Topics eJournal},
  year={2018}
}

@article{reiswich2010fx,
  title={FX volatility smile construction},
  author={Reiswich, Dimitri and Wystup, Uwe},
  journal={Centre for Practical Quantitative Finance CPQF Working Paper Series},
  number={20},
  year={2010}
}

@article{leitao2017efficient,
  title={On an efficient multiple time step Monte Carlo simulation of the SABR model},
  author={Leitao, {\'A}lvaro and Grzelak, Lech A and Oosterlee, Cornelis W},
  journal={Quantitative Finance},
  volume={17},
  number={10},
  pages={1549--1565},
  year={2017},
  publisher={Taylor \& Francis}
}

@book{glasserman2003monte,
  title={Monte Carlo methods in financial engineering},
  author={Glasserman, Paul},
  volume={53},
  year={2003},
  publisher={Springer Science \& Business Media}
}

@article{duffie2000transform,
  title={Transform analysis and asset pricing for affine jump-diffusions},
  author={Duffie, Darrell and Pan, Jun and Singleton, Kenneth},
  journal={Econometrica},
  volume={68},
  number={6},
  pages={1343--1376},
  year={2000},
  publisher={Wiley Online Library}
}

@article{forde2017asymptotics,
  title={Asymptotics for rough stochvolatility models},
  author={Forde, Martin and Zhang, Hongzhong},
  journal={SIAM Journal on Financial Mathematics},
  volume={8},
  number={1},
  pages={114--145},
  year={2017},
  publisher={SIAM}
}

@article{jacquier2018vix,
  title={VIX options in rough volatility models},
  author={Jacquier, Antoine and Roome, Patrick},
  journal={Quantitative Finance},
  volume={19},
  number={6},
  pages={1003--1015},
  year={2019},
  publisher={Taylor \& Francis}
}

@article{leblanc2023machine,
  title={Machine learning for quantitative finance applications: A survey},
  author={LeBlanc, Nicolas and Roncalli, Thierry},
  journal={Applied Mathematical Finance},
  volume={30},
  number={1},
  pages={1--45},
  year={2023},
  publisher={Taylor \& Francis}
}
